<record><leader>00000cas a22000007a 4500</leader><controlfield tag="001">20411510</controlfield><controlfield tag="008">890929d18971900maudn ne      0    0eng d</controlfield><datafield ind1=" " ind2=" " tag="010"><subfield code="a">sn 89063999 </subfield></datafield><datafield ind1=" " ind2=" " tag="040"><subfield code="a">MGN</subfield><subfield code="b">eng</subfield><subfield code="c">MGN</subfield><subfield code="d">OCLCQ</subfield></datafield><datafield ind1=" " ind2=" " tag="042"><subfield code="a">msc</subfield></datafield><datafield ind1="0" ind2="0" tag="245"><subfield code="a">Gardner daily news.</subfield></datafield><datafield ind1=" " ind2=" " tag="260"><subfield code="a">Gardner, Mass. :</subfield><subfield code="b">Gardner News Co.</subfield></datafield><datafield ind1=" " ind2=" " tag="300"><subfield code="a">v.</subfield></datafield><datafield ind1=" " ind2=" " tag="310"><subfield code="a">Daily (except Sun.)</subfield></datafield><datafield ind1="0" ind2=" " tag="362"><subfield code="a">Vol. 1, no. 169 (June 21, 1897)-v. 4, no. 297 (Nov. 20, 1900).</subfield></datafield><datafield ind1=" " ind2=" " tag="752"><subfield code="a">United States</subfield><subfield code="b">Massachusetts</subfield><subfield code="c">Worcester</subfield><subfield code="d">Gardner.</subfield></datafield><datafield ind1="0" ind2="0" tag="780"><subfield code="t">Gardner daily</subfield><subfield code="w">(DLC)sn 89063998</subfield></datafield><datafield ind1="0" ind2="0" tag="785"><subfield code="t">Gardner news (Gardner, Mass. : 1900)</subfield><subfield code="w">(DLC)sn 83002482</subfield></datafield></record>